@book{conn2000,
 author = {Conn, Andrew R. and Gould, Nicholas I. M. and Toint, Philippe L.},
 title = {Trust-region methods},
 year = {2000},
 isbn = {0-89871-460-5},
 publisher = {Society for Industrial and Applied Mathematics},
 address = {Philadelphia, PA, USA}
} 

@article{erway2009,
  author    = {Jennifer B. Erway and
               Philip E. Gill},
  title     = {A Subspace Minimization Method for the Trust-Region Step},
  journal   = {{SIAM} Journal on Optimization},
  volume    = {20},
  number    = {3},
  pages     = {1439--1461},
  year      = {2009},
  doi       = {10.1137/08072440X}
}

@article{gould1999,
  author    = {Nicholas I. M. Gould and
               Stefano Lucidi and
               Massimo Roma and
               Philippe L. Toint},
  title     = {Solving the Trust-Region Subproblem using the {L}anczos Method},
  journal   = {{SIAM} Journal on Optimization},
  volume    = {9},
  number    = {2},
  pages     = {504--525},
  year      = {1999},
  doi       = {10.1137/S1052623497322735}
}

@article{gould2010,
  author    = {Nicholas I. M. Gould and
               Daniel P. Robinson and
               H. Sue Thorne},
  title     = {On solving trust-region and other regularized subproblems in optimization},
  journal   = {Math. Program. Comput.},
  volume    = {2},
  number    = {1},
  pages     = {21--57},
  year      = {2010},
  doi       = {10.1007/s12532-010-0011-7},
}

@article{tao1998,
  author    = {Pham Dinh Tao and
               Le Thi Hoai An},
  title     = {A {D.C.} Optimization Algorithm for Solving the Trust-Region Subproblem},
  journal   = {{SIAM} Journal on Optimization},
  volume    = {8},
  number    = {2},
  pages     = {476--505},
  year      = {1998},
  doi       = {10.1137/S1052623494274313}
}

@article{hazan2016,
  author    = {Elad Hazan and
               Tomer Koren},
  title     = {A linear-time algorithm for trust region problems},
  journal   = {Math. Program.},
  volume    = {158},
  number    = {1-2},
  pages     = {363--381},
  year      = {2016},
  url       = {https://doi.org/10.1007/s10107-015-0933-y},
  doi       = {10.1007/s10107-015-0933-y},
  timestamp = {Thu, 08 Jun 2017 09:09:41 +0200},
  biburl    = {https://dblp.org/rec/bib/journals/mp/HazanK16},
  bibsource = {dblp computer science bibliography, https://dblp.org}
}

@article{nguyen2017,
  author    = {Nam Ho{-}Nguyen and
               Fatma Kilin{\c{c}}{-}Karzan},
  title     = {A Second-Order Cone Based Approach for Solving the Trust-Region Subproblem
               and Its Variants},
  journal   = {{SIAM} Journal on Optimization},
  volume    = {27},
  number    = {3},
  pages     = {1485--1512},
  year      = {2017},
  doi       = {10.1137/16M1065197}
}

@article{carmon2016,
  author    = {Yair Carmon and
               John C. Duchi},
  title     = {Gradient Descent Efficiently Finds the Cubic-Regularized Non-Convex
               {N}ewton Step},
  journal   = {CoRR},
  volume    = {abs/1612.00547},
  year      = {2016},
  url       = {http://arxiv.org/abs/1612.00547},
  archivePrefix = {arXiv},
  eprint    = {1612.00547},
  timestamp = {Wed, 07 Jun 2017 14:40:39 +0200},
  biburl    = {https://dblp.org/rec/bib/journals/corr/CarmonD16},
  bibsource = {dblp computer science bibliography, https://dblp.org}
}